@article{anastasiou2004estrategias,
  title={Estrat{\'e}gias de ensinagem},
  author={Anastasiou, L{\'e}a das Gra{\c{c}}as Camargos and Alves, Leonir Pessate and others},
  journal={Processos de ensinagem na universidade. Pressupostos para as estrat{\'e}gias de trabalho em aula},
  volume={3},
  pages={67--100},
  year={2004}
}

@book{bacich2015ensino,
  title={Ensino h{\'\i}brido: personaliza{\c{c}}{\~a}o e tecnologia na educa{\c{c}}{\~a}o},
  author={Bacich, Lilian and Neto, Adolfo Tanzi and de Mello Trevisani, Fernando},
  year={2015},
  publisher={Penso Editora}
}

@article{barrows1986taxonomy,
  title={A taxonomy of problem-based learning methods},
  author={Barrows, Howard S},
  journal={Medical education},
  volume={20},
  number={6},
  pages={481--486},
  year={1986},
  publisher={Wiley Online Library}
}

@article{berbel2019metodologias,
  title={As metodologias ativas e a promo{\c{c}}{\~a}o da autonomia dos estudantes (Vol. 32)},
  author={Berbel, NAN},
  journal={Semina: Ci{\^e}ncias Sociais e Humanas, Londrina.},
  url = {www.uel.br/revistas/uel/index. php/seminasoc/article/view/10326/10999},
  urlaccessdate ={20 dez. 2017},
  volume={22},
  year={2019}
}

@article{cabral2006competencias,
  title={As compet{\^e}ncias transversais dos diplomados do ensino superior, perspectiva dos empregadores e dos diplomados (p. 231)},
  author={Cabral-Cardoso, C and Est{\^e}v{\~a}o, CV and Silva, P},
  journal={Guima-r{\~a}es: TecMinho-Gabinete de Forma{\c{c}}{\~a}o Cont{\'\i}nua da Universidade do Minho},
  year={2006}
}

@phdthesis{carvalho2009ensino,
  title={O Ensino e a Aprendizagem das Ci{\^e}ncias Naturais atrav{\'e}s da Aprendizagem Baseada na Resolu{\c{c}}{\~a}o de Problemas: um estudo com alunos de 9{\textordmasculine} ano, centrado no tema Sistema Digestivo},
  author={Carvalho, Carla Joana},
  year={2009}
}

@article{christensen2013ensino,
  title={Ensino h{\'\i}brido: uma inova{\c{c}}{\~a}o disruptiva},
  author={Christensen, Clayton M and Horn, Michael B and Staker, Heather},
  journal={Uma introdu{\c{c}}{\~a}o {\`a} teoria dos h{\'\i}bridos},
  volume={21},
  year={2013},
  publisher={s. n}
}

@misc{fidem2017agencia,
  title={Ag{\^e}ncia Estadual de Planejamento e Pesquisas de Pernambuco. 2007},
  subtitle     = {Estudos, Pesquisas e Estatística -- Relatório},
  author={FIDEM, CONDEPE},
  year={2017}
}

@book{freire2014pedagogia,
  title={Pedagogia da autonomia: saberes necess{\'a}rios {\`a} pr{\'a}tica educativa},
  author={Freire, Paulo},
  year={2014},
  publisher={Editora Paz e terra}
}

@article{freire2005pedagogia,
  title={Pedagogia do Oprimido. 46},
  author={Freire, Paulo},
  journal={Ed. Rio de Janeiro: Paz e Terra},
  year={2005}
}

@incollection{gil2015didatica,
  title={Did{\'a}tica do ensino superior},
  author={Gil, Antonio Carlos},
  year={2015},
  publisher={Atlas}
}

@article{hoffmann2006avaliaccao,
  title={Avalia{\c{c}}{\~a}o mediadora: Uma pr{\'a}tica em constru{\c{c}}{\~a}o da pr{\'e}-escola {\`a} universidade: Editora Medi{\c{c}}{\~a}o},
  author={HOFFMANN, Jussara},
  journal={Porto Alegre},
  year={2006}
}

@book{da2005professor,
  title={O professor universit{\'a}rio na transi{\c{c}}{\~a}o de paradigmas},
  author={Da Cunha, Maria Isabel},
  year={2005},
  publisher={Junqueira\&Marin Editores}
}